
@article{emam,
     author = {Emam, Khaled El and Koru, A. G\"{u}nes},
     title = {A Replicated Survey of IT Software Project Failures},
     journal = {IEEE Softw.},
     issue_date = {September 2008},
     volume = {25},
     number = {5},
     month = sep,
     year = {2008},
     issn = {0740-7459},
     pages = {84--90},
     numpages = {7},
     url = {http://dx.doi.org/10.1109/MS.2008.107},
     doi = {10.1109/MS.2008.107},
     acmid = {1439231},
     publisher = {IEEE Computer Society Press},
     address = {Los Alamitos, CA, USA},
}

@article{boehm,
     author = {Boehm, B.},
     title = {Software Engineering is a Value-based Contact Sport},
     journal = {IEEE Softw.},
     issue_date = {September 2002},
     volume = {19},
     number = {5},
     month = sep,
     year = {2002},
     issn = {0740-7459},
     pages = {95--96},
     numpages = {2},
     url = {http://dx.doi.org/10.1109/MS.2002.1032863},
     doi = {10.1109/MS.2002.1032863},
     acmid = {2317787},
     publisher = {IEEE Computer Society Press},
     address = {Los Alamitos, CA, USA},
}

@misc{manifesto,
    added-at = {2007-12-30T11:39:05.000+0100},
    author = {Beck, Kent and Beedle, Mike and van Bennekum, Arie and Cockburn, Alistair and Cunningham, Ward and Fowler, Martin and Grenning, James and Highsmith, Jim and Hunt, Andrew and Jeffries, Ron and Kern, Jon and Marick, Brian and Martin, Robert C. and Mellor, Steve and Schwaber, Ken and Sutherland, Jeff and Thomas, Dave},
    biburl = {http://www.bibsonomy.org/bibtex/28954248a545d88dd2c0e688d1c7e2f9d/juve},
    booktitle = {Manifesto for Agile Software Development},
    description = {Manifesto for Agile Software Development},
    interhash = {098cc7e185f10c3da390459a01e0d535},
    intrahash = {8954248a545d88dd2c0e688d1c7e2f9d},
    keywords = {imported},
    timestamp = {2007-12-30T11:39:05.000+0100},
    title = {Manifesto for Agile Software Development},
    url = {http://www.agilemanifesto.org/},
    year = 2001,
    note = {Acessado em 01/02/2016}
}

@Misc{bustamante,
    author = {{Bustamante, A., Sawhney, R.}},
    year = {2011},
    title = {Agile XXL: Scaling Agile for Project Teams, Seapine Software, Inc.},
    howpublished = {\url{http://downloads.seapine.com/pub/ebooks/AgileScaling\_eBook.pdf}},
    note = {Accessed: 28th April 2015}
}

@article{lalsing,
    title={People factors in agile software development and project management},
    author={Lalsing, Vikash and Kishnah, Somveer and Pudaruth, Sameerchand},
    journal={International Journal of Software Engineering \& Applications (IJSEA)},
    year={2012},
    volume={3},
    number={1}
}

@article{chow,
    title = "A survey study of critical success factors in agile software projects ",
    journal = "Journal of Systems and Software ",
    volume = "81",
    number = "6",
    pages = "961 - 971",
    year = "2008",
    note = "Agile Product Line Engineering ",
    issn = "0164-1212",
    doi = "http://dx.doi.org/10.1016/j.jss.2007.08.020",
    url = "http://www.sciencedirect.com/science/article/pii/S0164121207002208",
    author = "Tsun Chow and Dac-Buu Cao",
    keywords = "Software development",
    keywords = "Agile methods",
    keywords = "Critical success factors "
}

@article{kraut,
    author = {Kraut, Robert E. and Streeter, Lynn A.},
    title = {Coordination in Software Development},
    journal = {Commun. ACM},
    issue_date = {March 1995},
    volume = {38},
    number = {3},
    month = mar,
    year = {1995},
    issn = {0001-0782},
    pages = {69--81},
    numpages = {13},
    url = {http://doi.acm.org/10.1145/203330.203345},
    doi = {10.1145/203330.203345},
    acmid = {203345},
    publisher = {ACM},
    address = {New York, NY, USA},
}

@article{hoegl,
    title = {Teamwork quality and the success of innovative projects: A theoretical concept and empirical evidence},
    author = {Hoegl, Martin and Gemuenden, Hans Georg},
    journal = {Organization science},
    volume = {12},
    number = {4},
    pages = {435--449},
    year = {2001},
    publisher = {INFORMS}
}

@inbook{bengal,
    title = {Bayesian Networks},
    author = {Ben-Gal, Irad},
    publisher = {John Wiley \& Sons, Ltd},
    isbn = {9780470061572},
    url = {http://dx.doi.org/10.1002/9780470061572.eqr089},
    doi = {10.1002/9780470061572.eqr089},
    keywords = {probabilistic graphical models, Markov models, context, causality, reasoning},
    booktitle = {Encyclopedia of Statistics in Quality and Reliability},
    year = {2008},
}

@article{perkusich2014,
    title = "A procedure to detect problems of processes in software development projects using Bayesian networks ",
    journal = "Expert Systems with Applications ",
    volume = "42",
    number = "1",
    pages = "437 - 450",
    year = "2015",
    note = "",
    issn = "0957-4174",
    author = "Mirko Perkusich and Gustavo Soares and Hyggo Almeida and Angelo Perkusich",
}

@inproceedings{perkusich2013,
    title={A model to detect problems on scrum-based software development projects},
    author={Perkusich, Mirko and de Almeida, Hyggo Oliveira and Perkusich, Angelo},
    booktitle={Proceedings of the 28th Annual ACM Symposium on Applied Computing},
    pages={1037--1042},
    year={2013},
    organization={ACM}
}

@inproceedings{perkusichNPT,
    title = {Using survey and weighted functions to generate node probability tables for Bayesian networks},
    author = {Perkusich, Mirko and Perkusich, Angelo and Almeida, Hyggo Oliveira de},
    booktitle = {Computational Intelligence and 11th Brazilian Congress on Computational Intelligence (BRICS-CCI \& CBIC), 2013 BRICS Congress on},
    pages = {183--188},
    year = {2013},
    organization = {IEEE}
}


@INPROCEEDINGS{freire,
  author={Silva Freire, A. and Da Silva, R.M. and Perkusich, M. and Almeida, H. and Perkusich, A.},
  booktitle={Software Engineering (SBES), 2015 29th Brazilian Symposium on},
  title={A Bayesian Network Model to Assess Agile Teams' Teamwork Quality},
  year={2015},
  pages={191-196},
  keywords={Bayes methods;software quality;Bayesian network model;agile manifesto;agile projects;agile teams principles;industry best practices;team coordination;team effectiveness;team leadership;team orientation;teamwork quality assessment;whole-team responsibility;Bayes methods;Context;Data models;Electronic mail;Software;Teamwork},
  doi={10.1109/SBES.2015.29},
  month={Sept},
}


@incollection{moe,
    year = {2009},
    isbn = {978-3-642-01852-7},
    booktitle = {Agile Processes in Software Engineering and Extreme Programming},
    volume = {31},
    series = {Lecture Notes in Business Information Processing},
    editor = {Abrahamsson, Pekka and Marchesi, Michele and Maurer, Frank},
    doi = {10.1007/978-3-642-01853-4_14},
    title = {Putting Agile Teamwork to the Test – An Preliminary Instrument for Empirically Assessing and Improving Agile Software Development},
    url = {http://dx.doi.org/10.1007/978-3-642-01853-4\_14},
    publisher = {Springer Berlin Heidelberg},
    keywords = {Agile software development; scrum; self-managed; self-organized; team radar; team effectiveness; empirical software engineering; case study},
    author = {Moe, NilsBrede and Dingsøyr, Torgeir and Røyrvik, EmilA.},
    pages = {114-123},
    language = {English}
}

@article{moe2,
    title = "A teamwork model for understanding an agile team: A case study of a Scrum project",
    journal = "Information and Software Technology ",
    volume = "52",
    number = "5",
    pages = "480 - 491",
    year = "2010",
    note = "TAIC-PART 2008TAIC-PART 2008 ",
    issn = "0950-5849",
    doi = "http://dx.doi.org/10.1016/j.infsof.2009.11.004",
    url = "http://www.sciencedirect.com/science/article/pii/S0950584909002043",
    author = "Nils Brede Moe and Torgeir Dingsøyr and Tore Dybå",
    keywords = "Agile software development",
    keywords = "Scrum",
    keywords = "Software engineering",
    keywords = "Teamwork",
    keywords = "Empirical software engineering",
    keywords = "Case study "
}

@Inbook{ringstad,
    author="Ringstad, Mats Angermo and Dings{\o}yr, Torgeir and Brede Moe, Nils",
    chapter="Agile Process Improvement: Diagnosis and Planning to Improve Teamwork",
    title="Systems, Software and Service Process Improvement: 18th European Conference, EuroSPI 2011, Roskilde, Denmark, June 27-29, 2011. Proceedings",
    year="2011",
    publisher="Springer Berlin Heidelberg",
    address="Berlin, Heidelberg",
    pages="167--178",
    isbn="978-3-642-22206-1",
    doi="10.1007/978-3-642-22206-1_15",
    url="http://dx.doi.org/10.1007/978-3-642-22206-1_15"
}


@book{morgan,
  title={Images of organization},
  author={Morgan, Gareth and Gregory, Fred and Roach, Cameron},
  year={1997},
  publisher={Wiley Online Library}
}

@article{kirkman,
    ISSN = {00014273},
    URL = {http://www.jstor.org/stable/256874},
    author = {Bradley L. Kirkman, Benson Rosen},
    journal = {The Academy of Management Journal},
    number = {1},
    pages = {58-74},
    publisher = {Academy of Management},
    title = {Beyond Self-Management: Antecedents and Consequences of Team Empowerment},
    volume = {42},
    year = {1999}
}

@article{runeson,
    author = {Runeson, Per and H\"{o}st, Martin},
    title = {Guidelines for Conducting and Reporting Case Study Research in Software Engineering},
    journal = {Empirical Softw. Engg.},
    issue_date = {April     2009},
    volume = {14},
    number = {2},
    month = apr,
    year = {2009},
    issn = {1382-3256},
    pages = {131--164},
    numpages = {34},
    url = {http://dx.doi.org/10.1007/s10664-008-9102-8},
    doi = {10.1007/s10664-008-9102-8},
    acmid = {1519324},
    publisher = {Kluwer Academic Publishers},
    address = {Hingham, MA, USA},
    keywords = {Case study, Checklists, Guidelines, Research methodology},
}

@Article{lethbridge,
    author="Lethbridge, Timothy C.
    and Sim, Susan Elliott
    and Singer, Janice",
    year="2005",
    title="Studying Software Engineers: Data Collection Techniques for Software Field Studies",
    journal="Empirical Software Engineering",
    volume="10",
    number="3",
    pages="311--341",
    issn="1573-7616",
    doi="10.1007/s10664-005-1290-x",
    url="http://dx.doi.org/10.1007/s10664-005-1290-x"
}

@ARTICLE{fenton,
    author={Fenton, N.E. and Neil, M. and Caballero, Jose Galan},
    journal={Knowledge and Data Engineering, IEEE Transactions on},
    title={Using Ranked Nodes to Model Qualitative Judgments in Bayesian Networks},
    year={2007},
    volume={19},
    number={10},
    pages={1420-1432},
    keywords={Bayesian methods;Computer Society;Costs;Gaussian distribution;Large-scale systems;Object oriented modeling;Probability distribution;Railway safety;Risk analysis;Risk management;Bayesian networks;node probability tables;probability elicitation;ranked nodes;risk analysis},
    doi={10.1109/TKDE.2007.1073},
    ISSN={1041-4347},
    month={Oct},
}

@MastersThesis{laitila,
    author = {Laitila, Pekka},
    title = {Improving the Use of Ranked Nodes in the Elicitation of Conditional Probabilities for Bayesian Networks},
    school = {Aalto University},
    address = {Finland},
    year = {2013},
}

@inproceedings{huang,
    author = {Huang, Kurt and Henrion, Max},
    title = {Efficient Search-based Inference for noisy-OR Belief Networks: Topepsilon},
    booktitle = {Proceedings of the Twelfth International Conference on Uncertainty in Artificial Intelligence},
    series = {UAI'96},
    year = {1996},
    isbn = {1-55860-412-X},
    location = {Portland, OR},
    pages = {325--331},
    numpages = {7},
    url = {http://dl.acm.org/citation.cfm?id=2074284.2074322},
    acmid = {2074322},
    publisher = {Morgan Kaufmann Publishers Inc.},
    address = {San Francisco, CA, USA},
}

@inproceedings{diez,
    author = {D\'{\i}ez, F. J.},
    title = {Parameter Adjustment in Bayes Networks. The Generalized Noisy OR-gate},
    booktitle = {Proceedings of the Ninth International Conference on Uncertainty in Artificial Intelligence},
    series = {UAI'93},
    year = {1993},
    isbn = {1-55860-306-9},
    location = {Washihgton, DC},
    pages = {99--105},
    numpages = {7},
    url = {http://dl.acm.org/citation.cfm?id=2074473.2074485},
    acmid = {2074485},
    publisher = {Morgan Kaufmann Publishers Inc.},
    address = {San Francisco, CA, USA},
}

@article{das,
    author    = {Balaram Das},
    title     = {Generating Conditional Probabilities for Bayesian Networks: Easing
               the Knowledge Acquisition Problem},
    journal   = {CoRR},
    volume    = {cs.AI/0411034},
    year      = {2004},
    url       = {http://arxiv.org/abs/cs.AI/0411034},
    timestamp = {Mon, 05 Dec 2011 18:05:21 +0100},
    biburl    = {http://dblp.uni-trier.de/rec/bib/journals/corr/cs-AI-0411034},
    bibsource = {dblp computer science bibliography, http://dblp.org}
}

@techreport{kitchenham,
    author = {Barbara Kitchenham and Stuart Charters},
    title = {Guidelines for performing {S}ystematic {L}iterature {R}eviews in {S}oftware {E}ngineering},
    year = 2007,
    institution = {Keele University and Durham University Joint Report},
    number = "EBSE 2007-001",
};


@incollection{amengual,
    year = {2010},
    isbn = {978-3-642-15665-6},
    booktitle = {Systems, Software and Services Process Improvement},
    volume = {99},
    series = {Communications in Computer and Information Science},
    editor = {Riel, Andreas and O’Connor, Rory and Tichkiewitch, Serge and Messnarz, Richard},
    doi = {10.1007/978-3-642-15666-3\_4},
    title = {Team SPICE: A SPICE-Based Teamwork Assessment Model},
    url = {http://dx.doi.org/10.1007/978-3-642-15666-3\_4},
    publisher = {Springer Berlin Heidelberg},
    author = {Amengual, Esperança and Mas, Antònia and Mesquida, AntoniLluís},
    pages = {37-47},
    language = {English}
}

@Inbook{stray,
    author="Gulliksen Stray, Viktoria and Moe, Nils Brede and Dings{\o}yr, Torgeir",
    chapter="Challenges to Teamwork: A Multiple Case Study of Two Agile Teams",
    title="Agile Processes in Software Engineering and Extreme Programming: 12th International Conference, XP 2011, Madrid, Spain, May 10-13, 2011. Proceedings",
    year="2011",
    publisher="Springer Berlin Heidelberg",
    address="Berlin, Heidelberg",
    pages="146--161",
    isbn="978-3-642-20677-1",
    doi="10.1007/978-3-642-20677-1_11",
    url="http://dx.doi.org/10.1007/978-3-642-20677-1_11"
}

@inproceedings{weimar,
    author = {Weimar, Emily and Nugroho, Ariadi and Visser, Joost and Plaat, Aske},
    title = {Towards High Performance Software Teamwork},
    booktitle = {Proceedings of the 17th International Conference on Evaluation and Assessment in Software Engineering},
    series = {EASE '13},
    year = {2013},
    isbn = {978-1-4503-1848-8},
    location = {Porto de Galinhas, Brazil},
    pages = {212--215},
    numpages = {4},
    url = {http://doi.acm.org/10.1145/2460999.2461030},
    doi = {10.1145/2460999.2461030},
    acmid = {2461030},
    publisher = {ACM},
    address = {New York, NY, USA},
    keywords = {software development, software teams, team performance, teamwork factors},
}

@MastersThesis{kozak,
    title={Barriers Against Better Team Performance in Agile Software Projects},
    author={KOZAK, YAVUZ},
    school={Chalmers University of Technology},
    address={Sweden},
    year={2013}
}

@inproceedings{schmidt,
    title = {How Agile Practices Influence the Performance of Software Development Teams: The Role of Shared Mental Models and Backup},
    pages = {Paper 15},
    booktitle = {ICIS 2014 Proceedings},
    year = {2014},
    address = {Atlanta, Ga.},
    author = {Christoph T. Schmidt and Thomas Kude and Armin Heinzl and Sunil Mithas},
    publisher = {AISeL},
    url = {http://ub-madoc.bib.uni-mannheim.de/37362/}
}

@MastersThesis{haraldsen,
    title={An Investigation of Team Effectiveness in Agile Software Development},
    author={Haraldsen, Lars Martin Riiser},
    year={2012},
    school={Norwegian University of Science and Technology}
}

@INPROCEEDINGS{whitworth,
    author={Whitworth, E. and Biddle, R.},
    booktitle={Agile Conference (AGILE), 2007},
    title={The Social Nature of Agile Teams},
    year={2007},
    pages={26-36},
    keywords={software engineering;adaptive socio-technical systems;agile methodologies;agile teams;qualitative grounded theory;socio-psychological experience;software development;Adaptive systems;Agile manufacturing;Animation;Assembly;Humans;Lean production;Programming;Psychology;Sociotechnical systems;Software engineering},
    doi={10.1109/AGILE.2007.60},
    month={Aug},
}

@ARTICLE{cockburn,
    author={Cockburn, A. and Highsmith, J.},
    journal={Computer},
    title={Agile software development, the people factor},
    year={2001},
    volume={34},
    number={11},
    pages={131-133},
    keywords={human factors;software development management;agile ecosystems;agile organizations;agile software development;individual competence;people factor;talents;teams;user experts;Chaotic communication;Collaborative work;Feedback;Humans;Problem-solving;Programming;Project management;Software development management;Technology management;World Wide Web},
    doi={10.1109/2.963450},
    ISSN={0018-9162},
    month={Nov},
}

@PhDThesis{fineman,
    author={Milijana Fineman},
    title={Improved Risk Analysis for Large Projects: Bayesian Networks Approach},
    address={London, England},
    year={2010},
    school={Queen Mary University}
}

@article{neil,
    author = {Neil, Martin and Fenton, Norman and Nielson, Lars},
    title = {Building Large-scale Bayesian Networks},
    journal = {Knowl. Eng. Rev.},
    issue_date = {September 2000},
    volume = {15},
    number = {3},
    month = sep,
    year = {2000},
    issn = {0269-8889},
    pages = {257--284},
    numpages = {28},
    url = {http://dx.doi.org/10.1017/S0269888900003039},
    doi = {10.1017/S0269888900003039},
    acmid = {975727},
    publisher = {Cambridge University Press},
    address = {New York, NY, USA},
}

@article{neil2,
    title={Using Bayesian belief networks to predict the reliability of military vehicles},
    author={Neil, Martin and Fenton, Norman and Forey, Simon and Harris, Roger},
    journal={Computing \& Control Engineering Journal},
    volume={12},
    number={1},
    pages={11--20},
    year={2001},
    publisher={IET}
}

@INPROCEEDINGS{neil3,
    title={Modelling an Air Traffic Control Environment Using Bayesian Belief Networks},
    author={Neil, Martin and Malcolm, Bob and Shaw, Roger},
    year={2003},
    booktitle={21st International System Safety Conference},
    location={Canada}
}

@Inbook{neil4,
    author="Neil, Martin and Krause, Paul and Fenton, Norman",
    chapter="Software Quality Prediction Using Bayesian Networks",
    title="Software Engineering with Computational Intelligence",
    year="2003",
    publisher="Springer US",
    address="Boston, MA",
    pages="136--172",
    isbn="978-1-4615-0429-0",
    doi="10.1007/978-1-4615-0429-0_6",
    url="http://dx.doi.org/10.1007/978-1-4615-0429-0_6"
}

@ARTICLE{fenton2,
    author={Fenton, N. and Krause, P. and Neil, M.},
    journal={Software, IEEE},
    title={Software measurement: uncertainty and causal modeling},
    year={2002},
    volume={19},
    number={4},
    pages={116-122},
    keywords={belief networks;risk management;software development management;software metrics;uncertainty handling;Bayesian networks;causal modelling;graphical modelling technique;risk management;software measurement;uncertainty;Bayesian methods;Cancer;Laboratories;Lungs;Predictive models;Programming;Project management;Risk management;Software measurement;Testing},
    doi={10.1109/MS.2002.1020298},
    ISSN={0740-7459},
    month={Jul}
}

@INPROCEEDINGS{fenton3,
    author={Fenton, N. and Marsh, W. and Neil, M. and Cates, P. and Forey, S. and Tailor, M.},
    booktitle={Software Engineering, 2004. ICSE 2004. Proceedings. 26th International Conference on},
    title={Making resource decisions for software projects},
    year={2004},
    pages={397-406},
    keywords={Bayes methods;decision support systems;estimation theory;public domain software;software development management;software metrics;Bayesian network;causal model;causal modelling;cost estimation;decision-support tool;empirical data;expert judgement;managerial decision making support;project MODIST;project management tools;regression-based models;resource decisions;resource estimation tools;software metrics;software projects;Bayesian methods;Collaborative tools;Costs;Decision making;Project management;Quality management;Resource management;Software metrics;Software quality;Software tools},
    doi={10.1109/ICSE.2004.1317462},
    ISSN={0270-5257},
    month={May}
}

@article{fenton4,
    author = {Fenton, Norman and Neil, Martin and Marsh, William and Hearty, Peter and Marquez, David and Krause, Paul and Mishra, Rajat},
    title = {Predicting Software Defects in Varying Development Lifecycles Using Bayesian Nets},
    journal = {Inf. Softw. Technol.},
    issue_date = {January, 2007},
    volume = {49},
    number = {1},
    month = jan,
    year = {2007},
    issn = {0950-5849},
    pages = {32--43},
    numpages = {12},
    url = {http://dx.doi.org/10.1016/j.infsof.2006.09.001},
    doi = {10.1016/j.infsof.2006.09.001},
    acmid = {1219598},
    publisher = {Butterworth-Heinemann},
    address = {Newton, MA, USA},
    keywords = {Causal models, Decision support, Dynamic Bayesian networks, Software defects},
}

@book{neapolitan,
    title={Learning bayesian networks},
    author={Neapolitan, Richard E and others},
    volume={38},
    year={2004},
    publisher={Prentice Hall Upper Saddle River}
}

@article{pearl,
    added-at = {2009-09-12T19:19:34.000+0200},
    author = {Pearl, J. and Russell, S.},
    biburl = {http://www.bibsonomy.org/bibtex/2d29eb96f586e3039e8cf5a27865ae2b1/mozaher},
    file = {:Pearl1995.pdf:PDF},
    interhash = {afc48785399864cc7eb1ef28bc3aee31},
    intrahash = {d29eb96f586e3039e8cf5a27865ae2b1},
    journal = {Handbook of brain theory and neural networks},
    keywords = {imported},
    owner = {Mozaherul Hoque},
    timestamp = {2009-09-12T19:19:34.000+0200},
    title = {Bayesian networks},
    year = 1995
}

@incollection{williams,
    title = "Agile Software Development Methodologies and Practices ",
    booktitle = "Advances in Computers",
    publisher = "Elsevier",
    year = "2010",
    volume = "80",
    pages = "1 - 44",
    series = "Advances in Computers ",
    issn = "0065-2458",
    doi = "http://dx.doi.org/10.1016/S0065-2458(10)80001-4",
    url = "http://www.sciencedirect.com/science/article/pii/S0065245810800014",
    author = "Laurie Williams"
}

@misc{kumar,
    title = {A Simple Way to Measure the Performance of Scrum Teams},
    author = {Marmamula Prashanth Kumar},
    howpublished = {\url{https://www.scrumalliance.org/community/articles/2014/may/simple-way-to-measure-performance-of-scrum-teams}},
    note = {Acessado em 01/02/2016}
}

@MastersThesis{gurram,
    title={Teamwork in Distributed Agile Software Development},
    author={Gurram, Chaitanya and Bandi, Srinivas Goud},
    year={2013},
    school={Blekinge Institute of Technology, School of Computing}
}

@MastersThesis{johansson,
    title={Toward improvements of teamwork in globally distributed agile teams},
    author={Andreas Johansson},
    year={2013},
    school={University of Gothenburg},
    type={Bachelor of Science Thesis in Software Engineering and Management}
}

@inproceedings{tjornehoj,
    title={Trust in agile teams in distributed software development},
    author={Tj{\o}rneh{\o}j, Gitte and Fransg{\aa}rd, Mette and Skalkam, Signe},
    booktitle={Information System Research Seminar in Scandinavia 2012},
    year={2012}
}

@INPROCEEDINGS{melo,
    author={Melo, C. and Cruzes, D.S. and Kon, F. and Conradi, R.},
    booktitle={Agile Conference (AGILE), 2011},
    title={Agile Team Perceptions of Productivity Factors},
    year={2011},
    pages={57-66},
    keywords={productivity;software development management;software prototyping;team working;agile team member;agile team perception;agile team productivity;pair programming;potential productivity factor;productivity factor;staff turnover;team composition;Companies;Interviews;Personnel;Productivity;Programming;Resource management;Software;agile methods;empirical analysis;productivity factors;team productivity},
    doi={10.1109/AGILE.2011.35},
    month={Aug}
}
